@article{LAMA2021e07419,
title = {Machine learning for prediction of diabetes risk in middle-aged Swedish people},
journal = {Heliyon},
volume = {7},
number = {7},
pages = {e07419},
year = {2021},
issn = {2405-8440},
doi = {https://doi.org/10.1016/j.heliyon.2021.e07419},
url = {https://www.sciencedirect.com/science/article/pii/S240584402101522X},
author = {Lara Lama and Oskar Wilhelmsson and Erik Norlander and Lars Gustafsson and Anton Lager and Per Tynelius and Lars Wärvik and Claes-Göran Östenson},
keywords = {Machine learning, Interpretable machine learning, SHAP, Risk screening, Type 2 diabetes, Individual healthcare plan}}
@article{KAVAKIOTIS2017104,
title = {Machine Learning and Data Mining Methods in Diabetes Research},
journal = {Computational and Structural Biotechnology Journal},
volume = {15},
pages = {104-116},
year = {2017},
issn = {2001-0370},
doi = {https://doi.org/10.1016/j.csbj.2016.12.005},
url = {https://www.sciencedirect.com/science/article/pii/S2001037016300733},
author = {Ioannis Kavakiotis and Olga Tsave and Athanasios Salifoglou and Nicos Maglaveras and Ioannis Vlahavas and Ioanna Chouvarda}
}
@article{kopitar2020early,
  title={Early detection of type 2 diabetes mellitus using machine learning-based prediction models},
  author={Kopitar, Leon and Kocbek, Primoz and Cilar, Leona and Sheikh, Aziz and Stiglic, Gregor},
  journal={Scientific reports},
  volume={10},
  number={1},
  pages={1--12},
  year={2020},
  publisher={Nature Publishing Group}
}

@article{Howlader,
author = {Howlader, Koushik and Satu, Md and Awal, Md.abdul and Islam, Md and Shariful Islam, Sheikh Mohammed and Quinn, Julian and Moni, Mohammad Ali},
year = {2022},
month = {02},
pages = {},
title = {Machine learning models for classification and identification of significant attributes to detect type 2 diabetes},
volume = {10},
journal = {Health Information Science and Systems},
doi = {10.1007/s13755-021-00168-2}
}

@Article{ijerph18063317,
AUTHOR = {Deberneh, Henock M. and Kim, Intaek},
TITLE = {Prediction of Type 2 Diabetes Based on Machine Learning Algorithm},
JOURNAL = {International Journal of Environmental Research and Public Health},
VOLUME = {18},
YEAR = {2021},
NUMBER = {6},
ARTICLE-NUMBER = {3317},
URL = {https://www.mdpi.com/1660-4601/18/6/3317},
PubMedID = {33806973},
ISSN = {1660-4601},
DOI = {10.3390/ijerph18063317}
}

@article{Lai,
author = {Lai, Hang and Huang, Huaxiong and Keshavjee, Karim and Guergachi, Aziz and Gao, Xin},
year = {2019},
month = {10},
pages = {},
title = {Predictive models for diabetes mellitus using machine learning techniques},
volume = {19},
journal = {BMC Endocrine Disorders},
doi = {10.1186/s12902-019-0436-6}
}


@ARTICLE{fazakis, 
 author={Fazakis, Nikos and Kocsis, Otilia and Dritsas, Elias and Alexiou, Sotiris and Fakotakis, Nikos and Moustakas, Konstantinos},
 journal={IEEE Access},   title={Machine Learning Tools for Long-Term Type 2 Diabetes Risk Prediction},
 year={2021},
 volume={9},  
 number={},  
 pages={103737-103757},  
 doi={10.1109/ACCESS.2021.3098691}}

@article{Zou,
author = {Zou, Quan and Qu, Kaiyang and Luo, Yamei and Yin, Dehui and Ju, Ying and Tang, Hua},
year = {2018},
month = {11},
pages = {},
title = {Predicting Diabetes Mellitus With Machine Learning Techniques},
volume = {9},
journal = {Frontiers in Genetics},
doi = {10.3389/fgene.2018.00515}
}


@article{DeSilva,
    doi = {10.1371/journal.pone.0250832},
    author = {De Silva, Kushan AND Lim, Siew AND Mousa, Aya AND Teede, Helena AND Forbes, Andrew AND Demmer, Ryan T. AND Jönsson, Daniel AND Enticott, Joanne},
    journal = {PLOS ONE},
    publisher = {Public Library of Science},
    title = {Nutritional markers of undiagnosed type 2 diabetes in adults: Findings of a machine learning analysis with external validation and benchmarking},
    year = {2021},
    month = {05},
    volume = {16},
    url = {https://doi.org/10.1371/journal.pone.0250832},
    pages = {1-21},
    number = {5},
}

@article{Dinh,
author = {Dinh, An and Miertschin, Stacey and Young, Amber and Mohanty, Somya},
year = {2019},
month = {11},
pages = {},
title = {A data-driven approach to predicting diabetes and cardiovascular disease with machine learning},
volume = {19},
journal = {BMC Medical Informatics and Decision Making},
doi = {10.1186/s12911-019-0918-5}
}

@article{Fregoso,
author = {Fregoso-Aparicio, Luis and Noguez, Julieta and Montesinos, Luis and García-García, José},
year = {2021},
month = {12},
pages = {},
title = {Machine learning and deep learning predictive models for type 2 diabetes: a systematic review},
volume = {13},
journal = {Diabetology \& Metabolic Syndrome},
doi = {10.1186/s13098-021-00767-9}
}

@article{zhang,
author = {Zhang, Liying and Wang, Yikang and Niu, Miaomiao and Wang, Chongjian and Wang, Zhenfei},
year = {2020},
month = {03},
pages = {},
title = {Machine learning for characterizing risk of type 2 diabetes mellitus in a rural Chinese population: the Henan Rural Cohort Study},
volume = {10},
journal = {Scientific Reports},
doi = {10.1038/s41598-020-61123-x}
}

@article{Xiong,
author = {Xiong, Xiao-lu and Zhang, Rongxin and Bi, Yan and Zhou, Wei-hong and Yu, Yun and Zhu, Da-long},
year = {2019},
month = {08},
pages = {582-588},
title = {Machine Learning Models in Type 2 Diabetes Risk Prediction: Results from a Cross-sectional Retrospective Study in Chinese Adults},
volume = {39},
journal = {Current Medical Science},
doi = {10.1007/s11596-019-2077-4}
}


@Article{Rufo,
AUTHOR = {Rufo, Derara Duba and Debelee, Taye Girma and Ibenthal, Achim and Negera, Worku Gachena},
TITLE = {Diagnosis of Diabetes Mellitus Using Gradient Boosting Machine (LightGBM)},
JOURNAL = {Diagnostics},
VOLUME = {11},
YEAR = {2021},
NUMBER = {9},
ARTICLE-NUMBER = {1714},
URL = {https://www.mdpi.com/2075-4418/11/9/1714},
PubMedID = {34574055},
ISSN = {2075-4418},
DOI = {10.3390/diagnostics11091714}
}

@Article{Benita,
AUTHOR = {Morgan-Benita, Jorge A. and Galván-Tejada, Carlos E. and Cruz, Miguel and Galván-Tejada, Jorge I. and Gamboa-Rosales, Hamurabi and Arceo-Olague, Jose G. and Luna-García, Huizilopoztli and Celaya-Padilla, José M.},
TITLE = {Hard Voting Ensemble Approach for the Detection of Type 2 Diabetes in Mexican Population with Non-Glucose Related Features},
JOURNAL = {Healthcare},
VOLUME = {10},
YEAR = {2022},
NUMBER = {8},
ARTICLE-NUMBER = {1362},
URL = {https://www.mdpi.com/2227-9032/10/8/1362},
PubMedID = {35893185},
ISSN = {2227-9032},
DOI = {10.3390/healthcare10081362}
}



@Article{Dritsas,
AUTHOR = {Dritsas, Elias and Trigka, Maria},
TITLE = {Data-Driven Machine-Learning Methods for Diabetes Risk Prediction},
JOURNAL = {Sensors},
VOLUME = {22},
YEAR = {2022},
NUMBER = {14},
ARTICLE-NUMBER = {5304},
URL = {https://www.mdpi.com/1424-8220/22/14/5304},
PubMedID = {35890983},
ISSN = {1424-8220},
DOI = {10.3390/s22145304}
}

@inbook{frank2005weka,
  added-at = {2009-11-11T16:04:07.000+0100},
  address = {Berlin},
  author = {Frank, E. and Hall, M. A. and Holmes, G. and Kirkby, R. and Pfahringer, B. and Witten, I. H.},
  biburl = {https://www.bibsonomy.org/bibtex/213435afd510be944e56862b0523643b9/unhammer},
  booktitle = {Data Mining and Knowledge Discovery Handbook: A Complete Guide for Practitioners and Researchers},
  editor = {Maimon, O. and Rokach, L.},
  interhash = {efd9b5dadfd832fc98d173bf4a1bc6a3},
  intrahash = {13435afd510be944e56862b0523643b9},
  keywords = {DASP303 ML Master WEKA},
  pages = {1305--1314},
  publisher = {Springer},
  timestamp = {2009-11-11T16:04:07.000+0100},
  title = {{Weka: A machine learning workbench for data mining.}},
  url = {http://researchcommons.waikato.ac.nz/handle/10289/1497},
  year = 2005
}

@article{scikit-learn,
 title={Scikit-learn: Machine Learning in {P}ython},
 author={Pedregosa, F. and Varoquaux, G. and Gramfort, A. and Michel, V.
         and Thirion, B. and Grisel, O. and Blondel, M. and Prettenhofer, P.
         and Weiss, R. and Dubourg, V. and Vanderplas, J. and Passos, A. and
         Cournapeau, D. and Brucher, M. and Perrot, M. and Duchesnay, E.},
 journal={Journal of Machine Learning Research},
 volume={12},
 pages={2825--2830},
 year={2011}
}

@inproceedings{seabold2010statsmodels,
  title={statsmodels: Econometric and statistical modeling with python},
  author={Seabold, Skipper and Perktold, Josef},
  booktitle={9th Python in Science Conference},
  year={2010},
}

@article{gray,
author = {Gray, L. J. and Taub, N. A. and Khunti, K. and Gardiner, E. and Hiles, S. and Webb, D. R. and Srinivasan, B. T. and Davies, M. J.},
title = {The Leicester Risk Assessment score for detecting undiagnosed Type 2 diabetes and impaired glucose regulation for use in a multiethnic UK setting},
journal = {Diabetic Medicine},
volume = {27},
number = {8},
pages = {887-895},
keywords = {prevention, risk score, screening, type 2 diabetes mellitus},
doi = {https://doi.org/10.1111/j.1464-5491.2010.03037.x},
url = {https://onlinelibrary.wiley.com/doi/abs/10.1111/j.1464-5491.2010.03037.x},
eprint = {https://onlinelibrary.wiley.com/doi/pdf/10.1111/j.1464-5491.2010.03037.x},
year = {2010}
}

@article{lindstrom,
    author = {Lindstrom, Jaana and Tuomilehto, Jaakko},
    title = "{The Diabetes Risk Score: A practical tool to predict type 2 diabetes risk}",
    journal = {Diabetes Care},
    volume = {26},
    number = {3},
    pages = {725-731},
    year = {2003},
    month = {03},
    issn = {0149-5992},
    doi = {10.2337/diacare.26.3.725},
    url = {https://doi.org/10.2337/diacare.26.3.725},
    eprint = {https://diabetesjournals.org/care/article-pdf/26/3/725/665299/dc0303000725.pdf},
}

@misc{Dua:2019 ,
author = "Dua, Dheeru and Graff, Casey",
year = "2017",
title = "{UCI} Machine Learning Repository",
url = "http://archive.ics.uci.edu/ml",
institution = "University of California, Irvine, School of Information and Computer Sciences" }


@Article{computation11050096,
AUTHOR = {Phongying, Methaporn and Hiriote, Sasiprapa},
TITLE = {Diabetes Classification Using Machine Learning Techniques},
JOURNAL = {Computation},
VOLUME = {11},
YEAR = {2023},
NUMBER = {5},
ARTICLE-NUMBER = {96},
URL = {https://www.mdpi.com/2079-3197/11/5/96},
ISSN = {2079-3197},
DOI = {10.3390/computation11050096}
}



@article{Mao,
author = {Mao, Yaqian and Zhu, Zheng and Pan, Shuyao and Lin, Wei and Liang, Jixing and Huang, Huibin and Li, Liantao and Wen, Junping and Chen, Gang},
title = {Value of machine learning algorithms for predicting diabetes risk: A subset analysis from a real-world retrospective cohort study},
journal = {Journal of Diabetes Investigation},
volume = {14},
number = {2},
pages = {309-320},
keywords = {Diabetes, Machine learning algorithms, Predictive model},
doi = {https://doi.org/10.1111/jdi.13937},
url = {https://onlinelibrary.wiley.com/doi/abs/10.1111/jdi.13937},
eprint = {https://onlinelibrary.wiley.com/doi/pdf/10.1111/jdi.13937},
year = {2023}
}


@Article{Qin,
AUTHOR = {Qin, Yifan and Wu, Jinlong and Xiao, Wen and Wang, Kun and Huang, Anbing and Liu, Bowen and Yu, Jingxuan and Li, Chuhao and Yu, Fengyu and Ren, Zhanbing},
TITLE = {Machine Learning Models for Data-Driven Prediction of Diabetes by Lifestyle Type},
JOURNAL = {International Journal of Environmental Research and Public Health},
VOLUME = {19},
YEAR = {2022},
NUMBER = {22},
ARTICLE-NUMBER = {15027},
URL = {https://www.mdpi.com/1660-4601/19/22/15027},
PubMedID = {36429751},
ISSN = {1660-4601},
DOI = {10.3390/ijerph192215027}
}




@Article{Shin,
AUTHOR = {Shin, Juyoung and Lee, Joonyub and Ko, Taehoon and Lee, Kanghyuck and Choi, Yera and Kim, Hun-Sung},
TITLE = {Improving Machine Learning Diabetes Prediction Models for the Utmost Clinical Effectiveness},
JOURNAL = {Journal of Personalized Medicine},
VOLUME = {12},
YEAR = {2022},
NUMBER = {11},
ARTICLE-NUMBER = {1899},
URL = {https://www.mdpi.com/2075-4426/12/11/1899},
PubMedID = {36422075},
ISSN = {2075-4426},
DOI = {10.3390/jpm12111899}
}


@misc{idf,
  title        = {About diabetes},
  howpublished = {\url{https://idf.org/aboutdiabetes}},
  note         = {Accessed 09/06/2023},
}



